
@misc(homunculus,
author="Wikipedia",
title="\emph{Homunculus}",
howpublished="\url{https://en.wikipedia.org/wiki/Homunculus}, WWW",
year=2016,
)

@misc(jaquet-droz,
author="Wikipedia",
title="\emph{Jaquet-Droz Automata}",
howpublished="\url{https://en.wikipedia.org/wiki/Jaquet-Droz_automata}, WWW",
year=2016,
)

@misc(de-vaucaunson,
author="Wikipedia",
title="\emph{Jacques de Vaucanson}",
howpublished="\url{https://en.wikipedia.org/wiki/Jacques_de_Vaucanson}, WWW",
year=2016,
)

@book(RusselNorvig,
  author = {Stuart Russell and Peter Norvig},
  title = "{Artificial Intelligence: A Modern Approach/Second Edition}",
  publisher = {Prentice Hall},
  isbn = 0137903952,
  year = 2003
)

@BOOK(bradshaw,
TITLE = "{Software Agents}",
EDITOR = "Bradshaw, J. M.",
PUBLISHER = "{AAAI Press/The MIT Press}",
YEAR = 1997
)


@BOOK(weiss,
    TITLE     = "Multiagent Systems",
    EDITOR    = "G. Weiss",
    PUBLISHER = "The MIT Press",
    MONTH     = "April",
    YEAR      = 1999
)


@BOOK(jade-book,
  author = {Fabio Luigi Bellifemine and Giovanni Caire and Dominic Greenwood},
  title = "{Developing Multi-Agent Systems with JADE}",
  publisher = {Wiley},
  isbn = {978-0-470-05747-6},
  year = 2007
)

@BOOK(jasonbook,
    AUTHOR    = {Bordini, R. H. and H\"{u}bner, J. F. and Wooldridge, M.},
    TITLE     = {Programming multi-agent systems in AgentSpeak using Jason},
    PUBLISHER = "Wiley",
    YEAR      = 2007
)

@MISC(drools,
author="{Drools Home Page}",
TITLE = "{\url{http://www.drools.org}}, WWW",
YEAR = 2016
)

@MISC(jess,
author="{JESS Home Page}",
TITLE = "{\url{http://www.jessrules.com/}}, WWW",
YEAR = 2016
)



@article{AgentSpeak,
  title={{AgentSpeak (L): BDI agents speak out in a logical computable language}},
  author={Rao, A.S.},
  journal={Lecture Notes in Computer Science},
  volume={1038},
  pages={42--55},
  year={1996},
  publisher={Springer}
}

@conference{rao1995bdi,
  title={{BDI agents: From theory to practice}},
  author={Rao, A.S. and Georgeff, M.P.},
  booktitle={Proceedings of the first international conference on multi-agent systems (ICMAS-95)},
  pages={312--319},
  year={1995},
  organization={San Francisco, CA}
}

@article{PRSarchitecture,
  title={{An architecture for real-time reasoning and system control}},
  author={Ingrand, F.F. and Georgeff, M.P. and Rao, A.S.},
  journal={IEEE Expert},
  volume={7},
  number={6},
  pages={34--44},
  year={1992},
  publisher={Citeseer}
};


